%@InBook{CCTA5_188_192,
%	editor={{Daoliang Li} and {Yingyi Chen}},
%	author={{Guobing Pan} and {Xiao Feng}},
%	maintitle={Computer and Computing Technologies in Agriculture V},
%	title={Research on Control System of Variable Rate Fertilizer Applicator in Precision Farming
%		Based on Combined Positioning of GPS, Electronic Compass and Gyroscope},
%	number={1},
%	pages={188-192},
%	publisher={Springer},
%	institution={China Agricultural University, Beijing},
%	organization={Advances in Information and Communication Technology, USA},
%	year={2011}
%}

@incollection{CCTA5_188_192,
  title={Research on Control System of Variable Rate Fertilizer Applicator in Precision Farming
	 Based on Combined Positioning of GPS, Electronic Compass and Gyroscope},
  author={Pan, Guobing and Feng, Xiao},
  booktitle={Computer and Computing Technologies in Agriculture V},
  pages={188--192},
  year={2012},
  publisher={Springer}
}

%@InBook{CCTA5_268_278,
%	editor={{Daoliang Li} and {Yingyi Chen}},
%	author={{Zhimin Liu} and {Weidong Xiong} and {Xuewe Cao} },
%	maintitle={Computer and Computing Technologies in Agriculture V},
%	title={Design of Precision Fertilization Management Information System on GPS and GIS Technologies},
%	number={1},
%	pages={268-278},
%	publisher={Springer},
%	institution={China Agricultural University, Beijing},
%	organization={Advances in Information and Communication Technology, USA},
%	year={2011}
%}

@incollection{CCTA5_268_278,
  title={Design of precision fertilization management information system on GPS and GIS technologies},
  author={Liu, Zhimin and Xiong, Weidong and Cao, Xuewei},
  booktitle={Computer and Computing Technologies in Agriculture V},
  pages={268--277},
  year={2012},
  publisher={Springer}
}



%@InBook{CCTA5_461_469,
%	editor={{Daoliang Li} and {Yingyi Chen}},
%	author={{Fangming Zhang} and {Ximing Feng} and {Yuan Li} and {Xiuqin Rao} and {Di Cui}},
%	maintitle={Computer and Computing Technologies in Agriculture V},
%	title={A Low-Cost Positioning System for Parallel Tracking Applications of Agricultural Vehicles by Using Kalman Filter},
%	number={1},
%	pages={461-469},
%	publisher={Springer},
%	institution={China Agricultural University, Beijing},
%	organization={Advances in Information and Communication Technology, USA},
%	year={2011}
%}

@incollection{CCTA5_461_469,
  title={A Low-Cost Positioning System for Parallel Tracking Applications of Agricultural Vehicles by Using Kalman Filter},
  author={Zhang, Fangming and Feng, Ximing and Li, Yuan and Rao, Xiuqin and Cui, Di},
  booktitle={Computer and Computing Technologies in Agriculture V},
  pages={461--470},
  year={2012},
  publisher={Springer}
}

%@InBook{CCTA_769_775,
%	editor={Daoliang Li},
%	author={Xiaojun Wan and Gang Liu},
%	maintitle={Computer and Computing Technologies in Agriculture},
%	title={Automatic Navigation System with Multiple Sensors},
%	number={2},
%	pages={769-775},
%	publisher={Springer},
%	institution={China Agricultural University, Beijing},
%	organization={Advances in Information and Communication Technology, USA},
%	year={2007}	
%}

@incollection{CCTA_769_775,
  title={Automatic Navigation System with Multiple Sensors},
  author={Wan, Xiaojun and Liu, Gang},
  booktitle={Computer And Computing Technologies In Agriculture, Volume II},
  pages={769--776},
  year={2008},
  publisher={Springer}
}

%@InBook{CCTA_943_950,
%	editor={Daoliang Li},
%	author={Xiaojun Wan and Gang Liu},
%	maintitle={Computer and Computing Technologies in Agriculture},
%	title={Autonomous Navigation System Based on GPS},
%	number={2},
%	pages={943-950},
%	publisher={Springer},
%	institution={China Agricultural University, Beijing},
%	organization={Advances in Information and Communication Technology, USA},
%	year={2007}	
%}

@incollection{CCTA_943_950,
  title={Autonomous Navigation System Based on GPS},
  author={Liu, Zhaoxiang and Liu, Gang},
  booktitle={Computer And Computing Technologies In Agriculture, Volume II},
  pages={943--950},
  year={2008},
  publisher={Springer}
}

%@InBook{CCTA_951_958,
%	editor={Daoliang Li},
%	author={{Xiaochao Zhang}and{Xiaoan Hu} and {Wenhua Mao}},
%	maintitle={Computer and Computing Technologies in Agriculture},
%	title={Development of Intelligent Equipments for Precision Agriculture},
%	number={2},
%	pages={951-958},
%	publisher={Springer},
%	institution={China Agricultural University, Beijing},
%	organization={Advances in Information and Communication Technology, USA},
%	year={2007}	
%}

@incollection{CCTA_951_958,
  title={Development of Intelligent Equipments for Precision Agriculture},
  author={Zhang, Xiaochao and Hu, Xiaoan and Mao, Wenhua},
  booktitle={Computer And Computing Technologies In Agriculture, Volume II},
  pages={951--958},
  year={2008},
  publisher={Springer}
}

%@article{
%	PA_RemoteIrrigation,
%	author={{Jose L. Chavez} and {Francis J. Pierce} and {Todd V. Elliott} and {Robert G. Evans} and {Yunseop Kim} and {William M. Iversen}},
%	issuetitle={A Remote Irrigation Monitoring and Control System (RIMCS) for Continuous Move Systems},
%	journaltitle={Precision Agriculture},
%	year={2010},
%	month={11},
%	pages={1-26},
%	doi={10.1007/s11119-009-9109-1},
%	publisher={Springer}
%	
%}

@article{PA_RemoteIrrigation,
  title={A remote irrigation monitoring and control system (RIMCS) for continuous move systems. Part B: Field testing and results},
  author={Ch{\'a}vez, Jos{\'e} L and Pierce, Francis J and Elliott, Todd V and Evans, Robert G and Kim, Yunseop and Iversen, William M},
  journal={Precision agriculture},
  volume={11},
  number={1},
  pages={11--26},
  year={2010},
  publisher={Springer}
}

%\Urlmuskip=0mu plus 1mu\relax
%-----------------CLAAS-------------------
@online{CLAAS_stearing_systems,
author = {CLAAS Polska Sp. z o. o.},
title  = {Broszura Systemy Prowadzenia},
date   = {2015-03}, 
urldate   = {2015-03-23},
url    = {http://www.claas.pl/blueprint/servlet/blob/353304/0a1537526737bcec9c9ae1223ade8311/227945-dataRaw.pdf}
}

@online{JOHN_DEERE_solutions,
author	= {John Deere Polska Sp. z o.o.},
title 	= {Rozwiązania rolnictwa precyzyjnego John Deere},
date	= {2015-03},
urldate	= {2015-03-23},
url	= {http://www.deere.pl/pl_PL/docs/product/equipment/agricultural_management_solutions/brochure/ams_fullline_brochure.html}
}

@online{NEW_HOLLAND_PLM,
author	= {New Holland Agriculture},
title 	= {Gospodarstwo z precyzją New Holland},
date 	= {2015-03},
urldate	= {2015-03-23},
url 	= {http://agriculture.newholland.com/poland/pl/PLM/Documents/PLM_138009_POL.pdf}
}

@online{IERS_ICRS,
author  = {International Earth Rotation and Reference System Service},
title   = {The International Celestial Reference System (ICRS)},
date    = {2015-05},
urldate = {2015-05-11},
url     = {http://www.iers.org/IERS/EN/DataProducts/ICRS/icrs.html}
}

@techreport{IERS_2010,
  title={IERS Conventions 2010, IERS Technical Note; 36, Frankfurt am Main: Verlag des Bundesamts f{\"u}r Kartographie und Geod{\"a}sie},
  author={Petit, G and Luzum, B},
  year={2010},
  institution={ISBN 3-89888-989-6}
}


@book{ggos,
  title={Global geodetic observing system: meeting the requirements of a global society on a changing planet in 2020},
  author={Plag, Hans-Peter and Pearlman, Michael},
  year={2009},
  publisher={Springer Science \& Business Media}
}


@article{BRZEZINSKI_2012,
  title={The celestial reference system and its role in the epoch of global geodetic technologies},
  author={Rogowski, Jerzy and Brzezi{\'n}ski, Aleksander},
  journal={Reports on Geodesy and Geoinformatics},
  volume={92},
  pages={163--174},
  year={2012}
}

@article{KRYNSKI_SYSTEMY,
  title={Systemy i uk{\l}ady odniesienia w geodezji, geodynamice i astronomii},
  author={Kry{\'n}ski, J and Rogowski, JERZY B},
  journal={Seria monograficzna Instytutu Geodezji i Kartografii},
  number={10},
  pages={11--35},
  year={2004}
}

@online{IGIK_ITRS,
author = {Instytut Geodezji i Kartografii},
title  = {Międzynarodowy Ziemski System Odniesienia (ITRS)},
date   = {2015-05},
urldate   = {2015-05-18},
url    = {http://www.igik.edu.pl/pl/geodezja-i-geodynamika-miedzynarodowy-ziemski-system-odniesienia-itrs}
}

@article{ROCZNIK_2014,
  title={Rocznik Astronomiczny na rok 2014},
  author={Kry{\'n}ski, J and S{\k{e}}kowski, M},
  journal={Kry{\'n}ski, Instytut Geodezji i Kartografii, Warszawa,(221 pp)},
  year={2013}
}

@misc{KOUBA_2009,
  title={A guide to using International GNSS Service (IGS) products},
  author={Kouba, Jan},
  year={2009},
  institution={Geodetic Survey Division, Natural Resources Canada}
}

@article{ALTAMIMI_2009,
  title={IGS contribution to the ITRF},
  author={Altamimi, Z and Collilieux, X},
  journal={Journal of Geodesy},
  volume={83},
  number={3-4},
  pages={375--383},
  year={2009},
  publisher={Springer}
}

@online{BOROWIEC,
author  = {Obserwatorium Astrogeodynamiczne CBK PAN Borowiec},
title   = {Informacje Ogólne},
date    = {2015-06},
urldate = {2015-06-01},
url     = {http://orchid.cbk.poznan.pl/}
}

@online{DORIS_AVISO,
author  = {Centre National d’Etudes Spatiales},
title   = {DORIS},
date    = {2015-06},
urldate = {2015-06-01},
url     = {http://www.aviso.altimetry.fr/en/techniques/doris.html}
}


